@article{StrydomPriPre2021,
	year =  {2021},
	author = {Tanya Strydom\textsuperscript{*} and Michael D. Catchen\textsuperscript{*} and Francis Banville and Dominique Caron and Gabriel Dansereau and Philippe Desjardins-Proulx and Norma R. Forero-Muñoz and Gracielle Higino and Benjamin Mercier and Andrew Gonzalez and Dominique Gravel and Laura S. Pollock and Timothée Poisot},
	title = {A Roadmap Toward Predicting Species Interaction Networks (Across Space and Time)},
	journaltitle = {Philosophical Transactions of the Royal Society B},
  doi = {10.1098/rstb.2021.0063},
	volume = {376},
	number = {20210063},
}
