@article{Chac_2020,
	journaltitle =  {Accepted at Journal of Ecology and Evolution},
	author = {Julia Chac√≥n-Labella and Mickey Boakye and Brian J. Enquist and William Farfan-Rios and Ragnhild Gya and Aud H. Halbritter and Sara L. Middleton and Jonathan {von Oppen} and Samuel Pastor-Ploskonka and Tanya Strydom and Vigdis Vandvik and Sonya R. Geange},
	title = {From a crisis to an opportunity: Eight insights for doing science in the Covid-19 era and beyond},
  doi = {10.22541/au.159569118.87473812},
	year = {2020},
}
