@article{Geange_2020,
	journaltitle =  {AJournal of Ecology and Evolution},
	author = {Sonya R. Geange and Jonathan {von Oppen} and Tanya Strydom and Mickey Boakye and Tasha-Leigh J. Gauthier and Ragnhild Gya and Aud H. Halbritter and Laura H. Jessup and Sara L. Middleton and Jocelyn Navarro and Maria Elisa Pierfederici and Julia Chac√≥n-Labella and Sehoya Cotner and William Farfan-Rios and Brian S. Maitner and Sean T. Michaletz and Richard J. Telford and Brian J. Enquist and Vigdis Vandvik},
	title = {Next-generation field courses: integrating Open Science and online learning},
	year = {2020},
	doi = {10.1002/ece3.7009},
}
